% ========== 以下内容均为示例 ==========

@book{knuth1986texbook,
  title={The {\TeX}book},
  author={Knuth, Donald E},
  year={1986},
  publisher={Addison-Wesley}
}

@article{vaswani2017attention,
  title={Attention is all you need},
  author={Vaswani, Ashish and Shazeer, Noam and Parmar, Niki and Uszkoreit, Jakob and Jones, Llion and Gomez, Aidan N and Kaiser, {\L}ukasz and Polosukhin, Illia},
  journal={Advances in Neural Information Processing Systems},
  volume={30},
  year={2017}
}

@article{brown2020language,
  title={Language models are few-shot learners},
  author={Brown, Tom and Mann, Benjamin and Ryder, Nick and Subbiah, Melanie and Kaplan, Jared D and Dhariwal, Prafulla and Neelakantan, Arvind and Shyam, Pranav and Sastry, Girish and Askell, Amanda and others},
  journal={Advances in Neural Information Processing Systems},
  volume={33},
  pages={1877--1901},
  year={2020}
}

@book{wang2010zhongwen,
  title={中文信息处理导论},
  author={王晓龙 and 李德玉},
  year={2010},
  publisher={高等教育出版社},
  address={北京}
}

@book{giordano2013mathematical,
  title={A First Course in Mathematical Modeling},
  author={Giordano, Frank R and Fox, William P and Horton, Steven B},
  year={2013},
  edition={5},
  publisher={Cengage Learning},
  address={Boston}
}

@book{meerschaert2013mathematical,
  title={Mathematical Modeling},
  author={Meerschaert, Mark M},
  year={2013},
  edition={4},
  publisher={Academic Press},
  address={Amsterdam}
}

@article{verhulst1838notice,
  title={Notice sur la loi que la population suit dans son accroissement},
  author={Verhulst, Pierre-Fran{\c{c}}ois},
  journal={Correspondance Math{\'e}matique et Physique},
  volume={10},
  pages={113--126},
  year={1838}
}

@book{nocedal2006numerical,
  title={Numerical Optimization},
  author={Nocedal, Jorge and Wright, Stephen J},
  year={2006},
  edition={2},
  publisher={Springer},
  address={New York}
}

@article{holland1992genetic,
  title={Genetic algorithms},
  author={Holland, John H},
  journal={Scientific American},
  volume={267},
  number={1},
  pages={66--72},
  year={1992}
}

@book{goldberg1989genetic,
  title={Genetic Algorithms in Search, Optimization, and Machine Learning},
  author={Goldberg, David E},
  year={1989},
  publisher={Addison-Wesley},
  address={Reading, MA}
}

@article{kennedy1995particle,
  title={Particle swarm optimization},
  author={Kennedy, James and Eberhart, Russell},
  booktitle={Proceedings of ICNN'95-International Conference on Neural Networks},
  volume={4},
  pages={1942--1948},
  year={1995},
  organization={IEEE}
}

@book{boyd2004convex,
  title={Convex Optimization},
  author={Boyd, Stephen and Vandenberghe, Lieven},
  year={2004},
  publisher={Cambridge University Press},
  address={Cambridge}
}

@article{karush1939minima,
  title={Minima of functions of several variables with inequalities as side constraints},
  author={Karush, William},
  journal={Master's thesis, Department of Mathematics, University of Chicago},
  year={1939}
}

@book{luenberger2008linear,
  title={Linear and Nonlinear Programming},
  author={Luenberger, David G and Ye, Yinyu},
  year={2008},
  edition={3},
  publisher={Springer},
  address={New York}
} 